@book{MohriRostamizadehTalwalkar2012,
 author = {Mohri, Mehryar and Rostamizadeh, Afshin and Talwalkar, Ameet},
 title = {Foundations of Machine Learning},
 year = {2012},
 publisher = {The MIT Press},
} 

@article{
author = {Rosen-Zvi, M., Griffiths, T., Steyvers, M., and Smith, P.},
title =  {TheÂ author-topic model for authors and documents},
year = {2004},
publisher = {AUAI Press}
}