@book{MohriRostamizadehTalwalkar2012,
 author = {Mohri, Mehryar and Rostamizadeh, Afshin and Talwalkar, Ameet},
 title = {Foundations of Machine Learning},
 year = {2012},
 publisher = {The MIT Press},
} 
